101 091000019 0910000192607201230A094101MY BANK                ACME PAYROLL                   
5200ACME PAYROLL                        1234567890PPDPAYROLL         260722   1091000010000001
6220114015330072             0000124050               JANE DOE                0091000010000001
6270910000191899             0000124050               ACME LLC                0091000010000002
820000000200102401540000001240500000001240501234567890                         091000010000001
9000001000001000000020010240154000000124050000000124050                                       
9999999999999999999999999999999999999999999999999999999999999999999999999999999999999999999999
9999999999999999999999999999999999999999999999999999999999999999999999999999999999999999999999
9999999999999999999999999999999999999999999999999999999999999999999999999999999999999999999999
9999999999999999999999999999999999999999999999999999999999999999999999999999999999999999999999
